%% This BibTeX bibliography file was created using BibDesk.
%% http://bibdesk.sourceforge.net/

%% Created for Leo Carlos at 2016-11-24 18:16:54 +0000 


%% Saved with string encoding Unicode (UTF-8) 



@unpublished{DynamicCoupling_Chris,
	Author = {Christopher D. Clack, Elias Court, Dmitrijs Zaparanuks},
	Date-Added = {2016-11-24 18:14:06 +0000},
	Date-Modified = {2016-11-24 18:16:54 +0000},
	Title = {Dynamic Coupling and Market Instability},
	Year = {2014}}

@unpublished{Elias_Paper,
	Author = {Elias Court},
	Date-Added = {2016-11-23 13:59:37 +0000},
	Date-Modified = {2016-11-23 14:01:43 +0000},
	Note = {MEng Dissertation},
	Title = {The instability of market-making algoritms},
	Year = {2013}}

@unpublished{Vikram_Paper,
	Author = {Vikram Bkshi},
	Date-Added = {2016-11-23 11:34:58 +0000},
	Date-Modified = {2016-11-23 14:04:57 +0000},
	Note = {MSc Dissertation},
	Title = {Simulating Interaction in Financial Markets},
	Year = {2015}}

@book{GouldBook,
	Author = {Gould, H. Tobochnik, J.},
	Publisher = {Princeton University Press},
	Title = {{Statistical and Thermal Physics with Computer Applications}},
	Year = {2010}}

@article{LandauPaper,
	Author = {Landau, D. P.},
	Doi = {10.1103/PhysRevB.13.2997},
	Issue = {7},
	Journal = {Phys. Rev. B},
	Month = {Apr},
	Numpages = {0},
	Pages = {2997--3011},
	Publisher = {American Physical Society},
	Title = {{Finite-size behavior of the Ising square lattice}},
	Url = {http://link.aps.org/doi/10.1103/PhysRevB.13.2997},
	Volume = {13},
	Year = {1976},
	Bdsk-Url-1 = {http://link.aps.org/doi/10.1103/PhysRevB.13.2997},
	Bdsk-Url-2 = {http://dx.doi.org/10.1103/PhysRevB.13.2997}}

@online{Chris_webPage,
	Author = {Christopher D. Clack},
	Date-Modified = {2016-11-23 14:04:10 +0000},
	Title = {The InterDyne Simulator (2011-)},
	Url = {http://www.resnovae.org.uk/fccsuclacuk/research},
	Urldate = {2016-11-23},
	Year = 2011,
	Bdsk-Url-1 = {http://www.resnovae.org.uk/fccsuclacuk/research}}
